</ting:localData>
</foxml:xmlContent>
</foxml:datastreamVersion>
</foxml:datastream>
<foxml:datastream ID="RELS-SYS" STATE="A" CONTROL_GROUP="X" VERSIONABLE="false">
<foxml:datastreamVersion ID="RELS-SYS.1" LABEL="" CREATED="2013-05-16T12:09:10.993Z" MIMETYPE="application/rdf+xml" SIZE="317">
<foxml:xmlContent>
<rdf:RDF xmlns:rdf="http://www.w3.org/1999/02/22-rdf-syntax-ns#">
  <rdf:Description rdf:about="info:fedora/870970-basis:43377124">
    <isMemberOfUnit xmlns="info:fedora/">unit:47965</isMemberOfUnit>
    <isPrimaryBibObjectFor xmlns="info:fedora/">unit:47965</isPrimaryBibObjectFor>
  </rdf:Description>
</rdf:RDF>
</foxml:xmlContent>
</foxml:datastreamVersion>
</foxml:datastream>
</foxml:digitalObject><ocn></ocn><holdingsServiceResponse><response>
<timestamp>2013-05-30 10:26:30.711</timestamp>
<pid>870970-basis:43377124</pid>
<result>
</result>
</response></holdingsServiceResponse></oclcRecord></oclcRecords>
Transformed record: TransformedRecordItem { holdings: "[Holding { symbol: "DKDLA", activity: "I" }]", iso2709Data: "", ocn: "", record: "<mx:record xmlns:mx="http://www.loc.gov/MARC21/slim" format="MARC21" type="Bibliographic"><mx:leader>00000nam a22000000c 4500</mx:leader><mx:controlfield tag="008">040430s2004    dk ||||g      00|||adan|d</mx:controlfield><mx:datafield ind1=" " ind2=" " tag="020"><mx:subfield code="a">8791532000 (hf.)</mx:subfield><mx:subfield code="c">gratis</mx:subfield></mx:datafield><mx:datafield ind1="1" ind2=" " tag="029"><mx:subfield code="a">DKDLA</mx:subfield><mx:subfield code="b">870970-basis:43377124</mx:subfield></mx:datafield><mx:datafield ind1=" " ind2=" " tag="040"><mx:subfield code="a">DKDLA</mx:subfield><mx:subfield code="b">dan</mx:subfield><mx:subfield code="c">DKDLA</mx:subfield></mx:datafield><mx:datafield ind1=" " ind2=" " tag="049"><mx:subfield code="a">DK-190101</mx:subfield></mx:datafield><mx:datafield ind1=" " ind2=" " tag="084"><mx:subfield code="a">99.4 Larsen, Lars, f. 1948</mx:subfield><mx:subfield code="2">z</mx:subfield></mx:datafield><mx:datafield ind1="1" ind2=" " tag="100"><mx:subfield code="a">Larsen, Lars,</mx:subfield><mx:subfield code="d">f. 1948</mx:subfield></mx:datafield><mx:datafield ind1="1" ind2="0" tag="245"><mx:subfield code="a">Go'daw jeg hedder Lars Larsen:</mx:subfield><mx:subfield code="b">- jeg har et godt tilbud : en selvbiografi /</mx:subfield><mx:subfield code="c">af Lars Larsen</mx:subfield></mx:datafield><mx:datafield ind1=" " ind2=" " tag="260"><mx:subfield code="a">[Århus] :</mx:subfield><mx:subfield code="b">Hansen Mejlgade,</mx:subfield><mx:subfield code="c">2004</mx:subfield></mx:datafield><mx:datafield ind1=" " ind2=" " tag="300"><mx:subfield code="a">192 sider :</mx:subfield><mx:subfield code="b">ill. (nogle i farver)</mx:subfield></mx:datafield><mx:datafield ind1=" " ind2=" " tag="901"><mx:subfield code="a">929</mx:subfield></mx:datafield></mx:record>" }

2013-05-30 10:26:50.723,INFO,dk.dbc.oclc.wciru.FlowLog,870970-basis:44037750,FlowLog,flush Record: '870970-basis:44037750'
RecordFilter result: PUSH
Wrapped record: <oclcRecords><oclcRecord><foxml:digitalObject VERSION="1.1" PID="870970-basis:44037750"
xmlns:foxml="info:fedora/fedora-system:def/foxml#"
xmlns:xsi="http://www.w3.org/2001/XMLSchema-instance"
xsi:schemaLocation="info:fedora/fedora-system:def/foxml# http://www.fedora.info/definitions/1/0/foxml1-1.xsd">
<foxml:objectProperties>
<foxml:property NAME="info:fedora/fedora-system:def/model#state" VALUE="Active"/>
<foxml:property NAME="info:fedora/fedora-system:def/model#label" VALUE=""/>
<foxml:property NAME="info:fedora/fedora-system:def/model#ownerId" VALUE=""/>
<foxml:property NAME="info:fedora/fedora-system:def/model#createdDate" VALUE="2013-05-16T12:09:11.267Z"/>
<foxml:property NAME="info:fedora/fedora-system:def/view#lastModifiedDate" VALUE="2013-05-16T12:09:11.748Z"/>
</foxml:objectProperties>
<foxml:datastream ID="AUDIT" STATE="A" CONTROL_GROUP="X" VERSIONABLE="false">
<foxml:datastreamVersion ID="AUDIT.0" LABEL="Audit Trail for this object" CREATED="2013-05-16T12:09:11.267Z" MIMETYPE="text/xml" FORMAT_URI="info:fedora/fedora-system:format/xml.fedora.audit">
<foxml:xmlContent>
<audit:auditTrail xmlns:audit="info:fedora/fedora-system:def/audit#">
<audit:record ID="AUDREC1">
<audit:process type="Fedora API-M"/>
<audit:action>modifyDatastreamByValue</audit:action>
<audit:componentID>RELS-SYS</audit:componentID>
<audit:responsibility>fedoraAdmin</audit:responsibility>
<audit:date>2013-05-16T12:09:11.748Z</audit:date>
<audit:justification></audit:justification>
</audit:record>
</audit:auditTrail>
</foxml:xmlContent>
</foxml:datastreamVersion>
</foxml:datastream>
<foxml:datastream ID="DC" STATE="A" CONTROL_GROUP="X" VERSIONABLE="false">
<foxml:datastreamVersion ID="DC.0" LABEL="" CREATED="2013-05-16T12:09:11.274Z" MIMETYPE="text/xml" SIZE="952">
<foxml:xmlContent>
<oai_dc:dc xmlns:oai_dc="http://www.openarchives.org/OAI/2.0/oai_dc/" xmlns:dc="http://purl.org/dc/elements/1.1/" xmlns:xsi="http://www.w3.org/2001/XMLSchema-instance" xsi:schemaLocation="http://www.openarchives.org/OAI/2.0/oai_dc/ http://www.openarchives.org/OAI/2.0/oai_dc.xsd">
  <dc:title>eating with the victorians</dc:title>
  <dc:title>MATCH:eating</dc:title>
  <dc:subject>historie</dc:subject>
  <dc:subject>madkultur</dc:subject>
  <dc:subject>victoriatiden</dc:subject>
  <dc:subject>England</dc:subject>
  <dc:publisher>sutton</dc:publisher>
  <dc:publisher>MATCHSTRING:sutton</dc:publisher>
  <dc:contributor>MATCHSTRING:Wilsonc</dc:contributor>
  <dc:contributor>c. anne wilson</dc:contributor>
  <dc:date>2004</dc:date>
  <dc:type>Bog</dc:type>
  <dc:type>WORK:literature</dc:type>
  <dc:identifier>870970-basis:44037750</dc:identifier>
  <dc:identifier>ISBN:0750935510</dc:identifier>
  <dc:language>Engelsk</dc:language>
</oai_dc:dc>
</foxml:xmlContent>
</foxml:datastreamVersion>
</foxml:datastream>
<foxml:datastream ID="commonData" STATE="A" CONTROL_GROUP="X" VERSIONABLE="false">
<foxml:datastreamVersion ID="commonData.0" LABEL="" CREATED="2013-05-16T12:09:11.274Z" MIMETYPE="text/xml" SIZE="6273">
<foxml:xmlContent>
<ting:container xmlns:ac="http://biblstandard.dk/ac/namespace/" xmlns:dc="http://purl.org/dc/elements/1.1/" xmlns:dcterms="http://purl.org/dc/terms/" xmlns:dkabm="http://biblstandard.dk/abm/namespace/dkabm/" xmlns:dkdcplus="http://biblstandard.dk/abm/namespace/dkdcplus/" xmlns:docbook="http://docbook.org/ns/docbook" xmlns:oss="http://oss.dbc.dk/ns/osstypes" xmlns:ting="http://www.dbc.dk/ting" xmlns:xsi="http://www.w3.org/2001/XMLSchema-instance"><dkabm:record><ac:identifier>44037750|870970</ac:identifier><ac:source>Bibliotekskatalog</ac:source><dc:title>Eating with the Victorians</dc:title><dc:title xsi:type="dkdcplus:full">Eating with the Victorians</dc:title><dc:subject xsi:type="dkdcplus:DK5">64.101</dc:subject><dc:subject xsi:type="dkdcplus:DK5-Text">Madkultur</dc:subject><dc:subject xsi:type="dkdcplus:DBCF">historie</dc:subject><dc:subject xsi:type="dkdcplus:DBCF">madkultur</dc:subject><dc:subject>victoriatiden</dc:subject><dc:description>Indhold: C. Anne Wilson: Introduction : meal patterns and food supply in Victorian Britain ; Luncheon, Nuncheon and related meals ; Supper: the ultimate meal. Eileen White: First thing first : the great British breakfast. Lynette Hunter: Proliferating publications : the progress of Victorian cookery literature. Laura Mason: Everything stops for tea. Peter Brears: À la française : the waning of a long dining tradition. Valerie Mars: À la russe : the new way of dining</dc:description><dcterms:audience>voksenmaterialer</dcterms:audience><dc:publisher>Sutton</dc:publisher><dc:contributor>C. Anne Wilson</dc:contributor><dc:date>2004</dc:date><dc:type xsi:type="dkdcplus:BibDK-Type">Bog</dc:type><dcterms:extent>xviii, 174 sider, tavler</dcterms:extent><dc:identifier xsi:type="dkdcplus:ISBN">0-7509-3551-0</dc:identifier><dc:language xsi:type="dcterms:ISO639-2">eng</dc:language><dc:language>Engelsk</dc:language><dcterms:spatial xsi:type="dkdcplus:DBCF">England</dcterms:spatial></dkabm:record>